<record><leader>00000cas a22000007a 4500</leader><controlfield tag="001">501316717</controlfield><controlfield tag="008">100122c20099999moucr n       0   a0eng  </controlfield><datafield ind1=" " ind2=" " tag="010"><subfield code="a">  2010204311</subfield></datafield><datafield ind1=" " ind2=" " tag="040"><subfield code="a">DLC</subfield><subfield code="b">eng</subfield><subfield code="c">DLC</subfield><subfield code="d">DLC</subfield><subfield code="d">OCLCQ</subfield></datafield><datafield ind1=" " ind2=" " tag="012"><subfield code="m">1</subfield></datafield><datafield ind1="0" ind2=" " tag="022"><subfield code="a">2153-103X</subfield><subfield code="l">2153-103X</subfield><subfield code="2">1</subfield></datafield><datafield ind1=" " ind2=" " tag="032"><subfield code="a">063320</subfield><subfield code="b">USPS</subfield></datafield><datafield ind1=" " ind2=" " tag="037"><subfield code="b">Tri-Lakes Newspapers, Inc., P.O. Box 1900, Branson, MO 65615</subfield></datafield><datafield ind1=" " ind2=" " tag="042"><subfield code="a">nsdp</subfield><subfield code="a">pcc</subfield></datafield><datafield ind1="1" ind2="0" tag="050"><subfield code="a">ISSN RECORD</subfield></datafield><datafield ind1="1" ind2="0" tag="082"><subfield code="a">051</subfield><subfield code="2">14</subfield></datafield><datafield ind1=" " ind2="0" tag="222"><subfield code="a">Branson Tri-Lakes news</subfield></datafield><datafield ind1="0" ind2="0" tag="245"><subfield code="a">Branson Tri-Lakes news.</subfield></datafield><datafield ind1=" " ind2=" " tag="260"><subfield code="a">Branson, MO :</subfield><subfield code="b">Tri-Lakes Newspapers, Inc.</subfield></datafield><datafield ind1=" " ind2=" " tag="300"><subfield code="a">v.</subfield></datafield><datafield ind1=" " ind2=" " tag="310"><subfield code="a">Wednesday and Saturdays</subfield></datafield><datafield ind1="1" ind2=" " tag="362"><subfield code="a">Began with vol. 98, no. 108 (Dec. 30, 2009)?</subfield></datafield><datafield ind1=" " ind2=" " tag="588"><subfield code="a">Description based on first issue (surrogate); title from caption.</subfield></datafield><datafield ind1=" " ind2=" " tag="752"><subfield code="a">United States</subfield><subfield code="b">Missouri</subfield><subfield code="c">Taney</subfield><subfield code="d">Branson.</subfield></datafield><datafield ind1="0" ind2="0" tag="780"><subfield code="t">Branson tri-lakes daily news</subfield><subfield code="x">1063-6994</subfield><subfield code="w">(DLC)sn 92058860</subfield><subfield code="w">(OCoLC)25810301</subfield></datafield><datafield ind1="4" ind2="2" tag="856"><subfield code="u">http://bransondailynews.com/</subfield></datafield></record>